@misc{ wiki:mpeg,
  author = "Wikipedia",
  title = "MPEG-4 --- Wikipedia{,} The Free Encyclopedia",
  year = "2014",
  url = "\url{http://en.wikipedia.org/w/index.php?title=MPEG-4&oldid=613665968}",
  note = "[доступ 23 июня 2014]"
}

@book{Taubman:2001:JIC:559856,
 author = {Taubman, David S. and Marcellin, Michael W.},
 title = {JPEG 2000: Image Compression Fundamentals, Standards and Practice},
 year = {2001},
 isbn = {079237519X},
 publisher = {Kluwer Academic Publishers},
 address = {Norwell, MA, USA},
} 

@ARTICLE{jpeg,
    author = {Gregory K. Wallace},
    title = {The JPEG still picture compression standard},
    journal = {Communications of the ACM},
    year = {1991},
    pages = {30--44}
}

@TechReport{gif,
  author      = "CompuServe Incorporated",
  title       = "Graphics Interchange Format, version 89a",
  month       = jul,
  url        = "http://www.w3.org/Graphics/GIF/spec-gif89a.txt",
  year        = "1990",
  institution = "W3C",
}

@TechReport{jfif,
  author      = "Eric Hamilton",
  title       = "JPEG FIle Interchange Format, version 1.02",
  month       = sep,
  url        = "http://www.w3.org/Graphics/GIF/spec-gif89a.txt",
  year        = "1992",
  institution = "W3C",
}

@TechReport{png,
  author      = "David Duce",
  title       = "Portable Network Graphics (PNG) Specification (Second Edition)",
  month       = nov,
  url        = "http://www.w3.org/TR/PNG/",
  year        = "2003",
  institution = "W3C",
}

@misc{leptonica:colorquant,
    author = {Dan S. Bloomberg},
    title = {Color quantization using octrees},
    year = "2008",
    month = sep,
    url = "http://www.leptonica.com/papers/colorquant.pdf"
}

@misc{remotefx,
  author = "Microsoft Corporation",
  title = "RemoteFX Algorithm",
  url = "http://msdn.microsoft.com/en-us/library/ff635770.aspx"
}

@misc{lab,
  author = "Gernot Hoffman",
  title = "CIELab Color Space",
  year = "2003",
  month = feb,
  url = "http://docs-hoffmann.de/cielab03022003.pdf"
}

@misc{ wiki:doom,
   author = "Wikipedia",
   title = "Doom (1993 video game) --- Wikipedia{,} The Free Encyclopedia",
   year = "2014",
   url = "\url{http://en.wikipedia.org/w/index.php?title=Doom_(1993_video_game)&oldid=613626792}",
   note = "[доступ 23 июня 2014]"
 }
 
@misc{ palettes,
   author = "Equasys",
   title = "Color Convertion",
   year = "2014",
   url = "http://www.equasys.de/colorconversion.html",
   note = "[доступ 23 июня 2014]",
 }

 
@article{Floyd:1976:AAS,
  citeseer = {http://citeseer.ist.psu.edu/context/6875/0},
  number = {2},
  volume = {17},
  author = {Robert W. Floyd and Louis Steinberg},
  optstatus = {Paper html doi abstract},
  title = {{A}n {A}daptive {A}lgorithm for {S}patial {G}reyscale},
  localfile = {papers/Floyd.1976.AAS.pdf},
  optkeywords = {dither},
  year = {1976},
  pages = {75--77},
  journal = {Proceedings of the Society for Information Display},
}

@article{Lippmeier:2011:EPS:2096148.2034684,
 author = {Lippmeier, Ben and Keller, Gabriele},
 title = {Efficient Parallel Stencil Convolution in Haskell},
 journal = {SIGPLAN Not.},
 issue_date = {December 2011},
 volume = {46},
 number = {12},
 month = sep,
 year = {2011},
 issn = {0362-1340},
 pages = {59--70},
 numpages = {12},
 url = {http://doi.acm.org/10.1145/2096148.2034684},
 doi = {10.1145/2096148.2034684},
 acmid = {2034684},
 publisher = {ACM},
 address = {New York, NY, USA},
 keywords = {arrays, data parallelism, haskell},
} 

@article{jour:wavelets,
  added-at = {2009-03-08T00:00:00.000+0100},
  author = {Panagiotacopulos, Nick D. and Friesen, Ken and Lertsuntivit, Sukit},
  biburl = {http://www.bibsonomy.org/bibtex/23d0e3bd441b66b4c923384879a789ee2/dblp},
  date = {2009-03-08},
  description = {dblp},
  ee = {http://dx.doi.org/10.1023/A:1008192914846},
  interhash = {1d3fef0f58803ef8e92305d1acc06df5},
  intrahash = {3d0e3bd441b66b4c923384879a789ee2},
  journal = {Journal of Intelligent and Robotic Systems},
  keywords = {dblp},
  number = {1-2},
  pages = {39-59},
  timestamp = {2009-03-08T00:00:00.000+0100},
  title = {Lossy Image Compression Using Wavelets.},
  url = {http://dblp.uni-trier.de/db/journals/jirs/jirs28.html#PanagiotacopulosFL00},
  volume = 28,
  year = 2000
}
 @misc{ wiki:floyd,
   author = "Wikipedia",
   title = "Floyd–Steinberg dithering --- Wikipedia{,} The Free Encyclopedia",
   year = "2014",
   url = "\url{http://en.wikipedia.org/w/index.php?title=Floyd%E2%80%93Steinberg_dithering&oldid=608216773}",
   note = "[доступ 23 июня 2014]"
 }